@incollection{krv2015,
  title={The semantics of lexical typology},
  booktitle={The Routledge Handbook of Semantics},
  author={Koptjevskaja-Tamm, Maria and Rakhilina, Ekaterina and Vanhove, Martine},
  year={2016},
  editor={Riemer, Nick},
  publisher={Routledge}
}

@book{newman2009linguistics,
  title={The linguistics of eating and drinking},
  author={Newman, John},
  volume={84},
  year={2009},
  publisher={John Benjamins Publishing}
}

@article{majid2007semantic,
  title={The semantic categories of cutting and breaking events: A crosslinguistic perspective},
  author={Majid, Asifa and Bowerman, Melissa and Van Staden, Miriam and Boster, James S},
  journal={Cognitive Linguistics},
  volume={18},
  number={2},
  pages={133--152},
  year={2007},
  publisher={Walter de Gruyter}
}

@article{татевосов2004,
  title={Семантическое картирование: метод и теория},
  author={Татевосов, Сергей},
  journal={Вестник Московского университета},
  volume={1},
  number={9},
  year={2004},
  publisher={Филология}
}

@article{рр2013,
 title={Фреймовый подход к лексической типологии},
 author={Рахилина, Екатерина and Резникова, Татьяна },
 year={2013},
 journal={Вопросы языкознания},
 volume={2},
 publisher={Наука}
 
}

@unpublished{соколовский2017,
  author={Соколовский, Матвей},
  title={Семантическое поле "облака, тучи, туман"  в типологической перспективе},
  year={2017},
  note={Курсовая работа}
  school={Федеральное государственное автономное образовательное учреждение высшего образования Национальный исследовательский университет «Высшая школа экономики»}
}

@book{haspelmath2001language,
  title={Language Typology and Language Universals: An International Handbook},
  author={Haspelmath, Martin and K{\"o}nig, Ekkehard and Oesterreicher, Wulf and Raible, Wolfgang},
  volume={20},
  year={2001},
  publisher={Walter de Gruyter}
}

@article{van1998modality,
  title={Modality's semantic map},
  author={Auwera, Johan Van Der and Plungian, Vladimir},
  journal={Linguistic Typology},
  volume={2},
  pages={79--124},
  year={1998}
}

@incollection{плунгян2007,
  title={О лексико-семантической типологии},
  author={Плунгян, Владимир and Рахилина, Екатерина},
  booktitle={Глаголы движения в воде: лексическая типология},
  pages={9--26},
  year={2007}
}

@article{рыжова2015построение,
  title={Построение лексико-типологической анкеты с помощью моделей дистрибутивной семантики},
  author={Рыжова, Дарья},
  journal={Вестник Воронежского государственного университета. Серия: Лингвистика и межкультурная коммуникация},
  number={3},
  year={2015},
  publisher={Федеральное государственное бюджетное образовательное учреждение высшего образования {\guillemotleft}Воронежский государственный университет{\guillemotright}}
}

@article{багдасарянглаголы,
  title={Глаголы извлечения объекта в типологической перспективе},  author={Багдасарян, Кристина},
  journal={Проблемы лексико-семантической типологии: Сборник научных трудов},
  year={2016},
  pages={5--18},
}


@book{майсак2007глаголы,
  title={Глаголы движения в воде: лексическая типология},
  author={Майсак, Тимур and Рахилина, Екатерина},
  year={2007},
  publisher={ООО Научно-издательский центр "Индрик"}
}

@inproceedings{кузьменко2015глаголы,
  title={Глаголы падения в лексикотипологической перспективе},
  author={Кузьменко, Елизавета and Мустакимова, Эльмира},
  booktitle={Типология морфосинтаксических параметров},
  pages={149--160},
  year={2015}
}

@article{кюсева2010признаковая,
  title={Признаковая лексика: прилагательные 'острый' и 'тупой' в типологической перспективе},
  author={Кюсева, Мария and Рыжова, Дарья},
  journal={Acta Linguistica Petropolitana. Труды института лингвистических исследований},
  volume={6},
  number={3},
  pages={90--93},
  year={2010},
  publisher={Федеральное государственное бюджетное учреждение науки {\guillemotleft}Институт лингвистических исследований РАН{\guillemotright}}
}

@article{архангельский2011качественные,
  title={Качественные признаки 'чистый', 'грязный', 'прозрачный', 'мутный':  к построению семантической типологии},
  author={Архангельский, Тимофей and Тагабилева, Мария and Холкина, Лилия},
  journal={Acta linguistica Petropolitana. Труды института лингвистических исследований},
  volume={7},
  number={3},
  year={2011},
  publisher={Федеральное государственное бюджетное учреждение науки {\guillemotleft}Институт лингвистических исследований РАН{\guillemotright}}
}

@article{орехов2015компьютерные,
  title={Компьютерные перспективы лексико-типологических исследований},
  author={Орехов, Борис and Резникова, Татьяна},
  journal={Вестник Воронежского государственного университета. Серия: Лингвистика и межкультурная коммуникация},
  number={3},
  year={2015},
  publisher={Федеральное государственное бюджетное образовательное учреждение высшего профессионального образования {\guillemotleft}Воронежский государственный университет{\guillemotright}}
}

@phdthesis{рыжова2018автоматизация,
  author={Рыжова, Д. А.},
  title={Автоматизация лексикотипологических исследований: методы и инструменты},
  year={2018},
  school={Федеральное государственное автономное образовательное учреждение высшего образования Национальный исследовательский университет «Высшая школа экономики»},
  language="russian"
}

@article{koch1999tree,
  title={Tree and fruit. A cognitive-onomasiological approach},
  author={Koch, Peter},
  journal={Studi italiani di linguistica teorica ed applicata},
  volume={28},
  number={2},
  pages={331--347},
  year={1999},
  publisher={Pacini}
}

@article{greenberg1990universals,
  title={Universals of kinship terminology: Their nature and the problem of their explanation},
  author={Greenberg, Joseph},
  journal={On language: Selected writings of Joseph Greenberg, ed. K. Denning \& S. Kemmer},
  pages={310--27},
  year={1990}
}

@article{шкурныйвопрос,
  title={«Шкурный Вопрос»: названия оболочек предметов (кожа, шкура, скорлупа...) в типологической перспективе},
  author={Демкина, Дарья and Жукова, Валентина},
  journal={Проблемы лексико-семантической типологии: Сборник научных трудов},
  year={2016},
  pages={58--61},
  language="russian"
}

@Inbook{KutuzovKuzmenko2017,
author="Kutuzov, Andrey and Kuzmenko, Elizaveta",
editor="Ignatov, Dmitry
and Khachay, Mikhail
and Labunets, Valeri
and Loukachevitch, Natalia
and Nikolenko, Sergey
and Panchenko, Alexander
and Savchenko, Andrey
and Vorontsov, Konstantin",
title="WebVectors: A Toolkit for Building Web Interfaces for Vector Semantic Models",
bookTitle="Analysis of Images, Social Networks and Texts: 5th International Conference, AIST 2016, Yekaterinburg, Russia, April 7-9, 2016, Revised Selected Papers",
year="2017",
publisher="Springer International Publishing",
pages="155--161"
}

@book{падучева2004динамические,
  title={Динамические модели в семантике лексики},
  author={Падучева, Е. В.},
  year={2004},
  publisher={Языки славянской культуры},
  pages={608},
  address={М.},
  language="russian"
}

@book{еврика,
title={ЕВРика! Сборник статей о поисках и находках к юбилею Е. В. Рахилиной},
editor={Рыжова, Д. A. and Добрушина, Н. Р. and Бонч-Осмоловская, А. А. and Выренкова, А. С. and Кюсева, М. В. and Орехов, Б. В. and Резниковаб Т. И.},
publisher={Лабиринт},
address={М.},
year={2018},
pages={392},
url={https://linghub.ru/eureka/articles/},
language="russian"
}